%YAML 1.1
%TAG !u! tag:unity3d.com,2011:
--- !u!1 &142040
GameObject:
  m_ObjectHideFlags: 0
  m_PrefabParentObject: {fileID: 0}
  m_PrefabInternal: {fileID: 100100000}
  serializedVersion: 4
  m_Component:
  - 4: {fileID: 442040}
  - 95: {fileID: 9542082}
  m_Layer: 0
  m_Name: Gfx
  m_TagString: Untagged
  m_Icon: {fileID: 0}
  m_NavMeshLayer: 0
  m_StaticEditorFlags: 0
  m_IsActive: 1
--- !u!1 &142042
GameObject:
  m_ObjectHideFlags: 1
  m_PrefabParentObject: {fileID: 0}
  m_PrefabInternal: {fileID: 100100000}
  serializedVersion: 4
  m_Component:
  - 4: {fileID: 442042}
  m_Layer: 0
  m_Name: Armature
  m_TagString: Untagged
  m_Icon: {fileID: 0}
  m_NavMeshLayer: 0
  m_StaticEditorFlags: 0
  m_IsActive: 1
--- !u!1 &142044
GameObject:
  m_ObjectHideFlags: 1
  m_PrefabParentObject: {fileID: 0}
  m_PrefabInternal: {fileID: 100100000}
  serializedVersion: 4
  m_Component:
  - 4: {fileID: 442044}
  - 137: {fileID: 13742072}
  m_Layer: 0
  m_Name: ArmLeft
  m_TagString: Untagged
  m_Icon: {fileID: 0}
  m_NavMeshLayer: 0
  m_StaticEditorFlags: 0
  m_IsActive: 1
--- !u!1 &142046
GameObject:
  m_ObjectHideFlags: 1
  m_PrefabParentObject: {fileID: 0}
  m_PrefabInternal: {fileID: 100100000}
  serializedVersion: 4
  m_Component:
  - 4: {fileID: 442046}
  - 137: {fileID: 13742074}
  m_Layer: 0
  m_Name: ArmRight
  m_TagString: Untagged
  m_Icon: {fileID: 0}
  m_NavMeshLayer: 0
  m_StaticEditorFlags: 0
  m_IsActive: 1
--- !u!1 &142048
GameObject:
  m_ObjectHideFlags: 1
  m_PrefabParentObject: {fileID: 0}
  m_PrefabInternal: {fileID: 100100000}
  serializedVersion: 4
  m_Component:
  - 4: {fileID: 442048}
  - 137: {fileID: 13742076}
  m_Layer: 0
  m_Name: Head
  m_TagString: Untagged
  m_Icon: {fileID: 0}
  m_NavMeshLayer: 0
  m_StaticEditorFlags: 0
  m_IsActive: 1
--- !u!1 &142050
GameObject:
  m_ObjectHideFlags: 1
  m_PrefabParentObject: {fileID: 0}
  m_PrefabInternal: {fileID: 100100000}
  serializedVersion: 4
  m_Component:
  - 4: {fileID: 442050}
  - 137: {fileID: 13742078}
  m_Layer: 0
  m_Name: LegLeft
  m_TagString: Untagged
  m_Icon: {fileID: 0}
  m_NavMeshLayer: 0
  m_StaticEditorFlags: 0
  m_IsActive: 1
--- !u!1 &142052
GameObject:
  m_ObjectHideFlags: 1
  m_PrefabParentObject: {fileID: 0}
  m_PrefabInternal: {fileID: 100100000}
  serializedVersion: 4
  m_Component:
  - 4: {fileID: 442052}
  - 137: {fileID: 13742080}
  m_Layer: 0
  m_Name: LegRight
  m_TagString: Untagged
  m_Icon: {fileID: 0}
  m_NavMeshLayer: 0
  m_StaticEditorFlags: 0
  m_IsActive: 1
--- !u!1 &142054
GameObject:
  m_ObjectHideFlags: 1
  m_PrefabParentObject: {fileID: 0}
  m_PrefabInternal: {fileID: 100100000}
  serializedVersion: 4
  m_Component:
  - 4: {fileID: 442054}
  - 137: {fileID: 13742082}
  m_Layer: 0
  m_Name: Torso
  m_TagString: Untagged
  m_Icon: {fileID: 0}
  m_NavMeshLayer: 0
  m_StaticEditorFlags: 0
  m_IsActive: 1
--- !u!1 &142056
GameObject:
  m_ObjectHideFlags: 1
  m_PrefabParentObject: {fileID: 0}
  m_PrefabInternal: {fileID: 100100000}
  serializedVersion: 4
  m_Component:
  - 4: {fileID: 442056}
  m_Layer: 0
  m_Name: Torso1
  m_TagString: Untagged
  m_Icon: {fileID: 0}
  m_NavMeshLayer: 0
  m_StaticEditorFlags: 0
  m_IsActive: 1
--- !u!1 &142058
GameObject:
  m_ObjectHideFlags: 1
  m_PrefabParentObject: {fileID: 0}
  m_PrefabInternal: {fileID: 100100000}
  serializedVersion: 4
  m_Component:
  - 4: {fileID: 442058}
  m_Layer: 0
  m_Name: LegLeft1
  m_TagString: Untagged
  m_Icon: {fileID: 0}
  m_NavMeshLayer: 0
  m_StaticEditorFlags: 0
  m_IsActive: 1
--- !u!1 &142060
GameObject:
  m_ObjectHideFlags: 1
  m_PrefabParentObject: {fileID: 0}
  m_PrefabInternal: {fileID: 100100000}
  serializedVersion: 4
  m_Component:
  - 4: {fileID: 442064}
  m_Layer: 0
  m_Name: LegLeft2
  m_TagString: Untagged
  m_Icon: {fileID: 0}
  m_NavMeshLayer: 0
  m_StaticEditorFlags: 0
  m_IsActive: 1
--- !u!1 &142062
GameObject:
  m_ObjectHideFlags: 1
  m_PrefabParentObject: {fileID: 0}
  m_PrefabInternal: {fileID: 100100000}
  serializedVersion: 4
  m_Component:
  - 4: {fileID: 442066}
  m_Layer: 0
  m_Name: FootLeft
  m_TagString: Untagged
  m_Icon: {fileID: 0}
  m_NavMeshLayer: 0
  m_StaticEditorFlags: 0
  m_IsActive: 1
--- !u!1 &142064
GameObject:
  m_ObjectHideFlags: 1
  m_PrefabParentObject: {fileID: 0}
  m_PrefabInternal: {fileID: 100100000}
  serializedVersion: 4
  m_Component:
  - 4: {fileID: 442060}
  m_Layer: 0
  m_Name: LegRight1
  m_TagString: Untagged
  m_Icon: {fileID: 0}
  m_NavMeshLayer: 0
  m_StaticEditorFlags: 0
  m_IsActive: 1
--- !u!1 &142066
GameObject:
  m_ObjectHideFlags: 1
  m_PrefabParentObject: {fileID: 0}
  m_PrefabInternal: {fileID: 100100000}
  serializedVersion: 4
  m_Component:
  - 4: {fileID: 442068}
  m_Layer: 0
  m_Name: LegRight2
  m_TagString: Untagged
  m_Icon: {fileID: 0}
  m_NavMeshLayer: 0
  m_StaticEditorFlags: 0
  m_IsActive: 1
--- !u!1 &142068
GameObject:
  m_ObjectHideFlags: 1
  m_PrefabParentObject: {fileID: 0}
  m_PrefabInternal: {fileID: 100100000}
  serializedVersion: 4
  m_Component:
  - 4: {fileID: 442070}
  m_Layer: 0
  m_Name: FootRight
  m_TagString: Untagged
  m_Icon: {fileID: 0}
  m_NavMeshLayer: 0
  m_StaticEditorFlags: 0
  m_IsActive: 1
--- !u!1 &142070
GameObject:
  m_ObjectHideFlags: 1
  m_PrefabParentObject: {fileID: 0}
  m_PrefabInternal: {fileID: 100100000}
  serializedVersion: 4
  m_Component:
  - 4: {fileID: 442062}
  m_Layer: 0
  m_Name: Torso2
  m_TagString: Untagged
  m_Icon: {fileID: 0}
  m_NavMeshLayer: 0
  m_StaticEditorFlags: 0
  m_IsActive: 1
--- !u!1 &142072
GameObject:
  m_ObjectHideFlags: 1
  m_PrefabParentObject: {fileID: 0}
  m_PrefabInternal: {fileID: 100100000}
  serializedVersion: 4
  m_Component:
  - 4: {fileID: 442072}
  m_Layer: 0
  m_Name: ArmLeft1
  m_TagString: Untagged
  m_Icon: {fileID: 0}
  m_NavMeshLayer: 0
  m_StaticEditorFlags: 0
  m_IsActive: 1
--- !u!1 &142074
GameObject:
  m_ObjectHideFlags: 1
  m_PrefabParentObject: {fileID: 0}
  m_PrefabInternal: {fileID: 100100000}
  serializedVersion: 4
  m_Component:
  - 4: {fileID: 442078}
  m_Layer: 0
  m_Name: ArmLeft2
  m_TagString: Untagged
  m_Icon: {fileID: 0}
  m_NavMeshLayer: 0
  m_StaticEditorFlags: 0
  m_IsActive: 1
--- !u!1 &142076
GameObject:
  m_ObjectHideFlags: 1
  m_PrefabParentObject: {fileID: 0}
  m_PrefabInternal: {fileID: 100100000}
  serializedVersion: 4
  m_Component:
  - 4: {fileID: 442074}
  m_Layer: 0
  m_Name: ArmRight1
  m_TagString: Untagged
  m_Icon: {fileID: 0}
  m_NavMeshLayer: 0
  m_StaticEditorFlags: 0
  m_IsActive: 1
--- !u!1 &142078
GameObject:
  m_ObjectHideFlags: 1
  m_PrefabParentObject: {fileID: 0}
  m_PrefabInternal: {fileID: 100100000}
  serializedVersion: 4
  m_Component:
  - 4: {fileID: 442080}
  m_Layer: 0
  m_Name: ArmRight2
  m_TagString: Untagged
  m_Icon: {fileID: 0}
  m_NavMeshLayer: 0
  m_StaticEditorFlags: 0
  m_IsActive: 1
--- !u!1 &142080
GameObject:
  m_ObjectHideFlags: 1
  m_PrefabParentObject: {fileID: 0}
  m_PrefabInternal: {fileID: 100100000}
  serializedVersion: 4
  m_Component:
  - 4: {fileID: 442076}
  m_Layer: 0
  m_Name: Head_0
  m_TagString: Untagged
  m_Icon: {fileID: 0}
  m_NavMeshLayer: 0
  m_StaticEditorFlags: 0
  m_IsActive: 1
--- !u!1 &142082
GameObject:
  m_ObjectHideFlags: 0
  m_PrefabParentObject: {fileID: 0}
  m_PrefabInternal: {fileID: 100100000}
  serializedVersion: 4
  m_Component:
  - 4: {fileID: 442082}
  - 114: {fileID: 11442082}
  m_Layer: 0
  m_Name: Gluttony
  m_TagString: Untagged
  m_Icon: {fileID: 0}
  m_NavMeshLayer: 0
  m_StaticEditorFlags: 0
  m_IsActive: 1
--- !u!4 &442040
Transform:
  m_ObjectHideFlags: 1
  m_PrefabParentObject: {fileID: 0}
  m_PrefabInternal: {fileID: 100100000}
  m_GameObject: {fileID: 142040}
  m_LocalRotation: {x: 0, y: .707107127, z: 0, w: .707106531}
  m_LocalPosition: {x: .100000001, y: .0199999996, z: -.0299999993}
  m_LocalScale: {x: 1, y: 1, z: 1}
  m_Children:
  - {fileID: 442042}
  - {fileID: 442044}
  - {fileID: 442046}
  - {fileID: 442048}
  - {fileID: 442050}
  - {fileID: 442052}
  - {fileID: 442054}
  m_Father: {fileID: 442082}
  m_RootOrder: 0
--- !u!4 &442042
Transform:
  m_ObjectHideFlags: 1
  m_PrefabParentObject: {fileID: 0}
  m_PrefabInternal: {fileID: 100100000}
  m_GameObject: {fileID: 142042}
  m_LocalRotation: {x: -.707106829, y: 0, z: -0, w: .707106709}
  m_LocalPosition: {x: 0, y: 0, z: 0}
  m_LocalScale: {x: 1, y: 1, z: 1}
  m_Children:
  - {fileID: 442056}
  m_Father: {fileID: 442040}
  m_RootOrder: 0
--- !u!4 &442044
Transform:
  m_ObjectHideFlags: 1
  m_PrefabParentObject: {fileID: 0}
  m_PrefabInternal: {fileID: 100100000}
  m_GameObject: {fileID: 142044}
  m_LocalRotation: {x: -.707106829, y: 0, z: -0, w: .707106709}
  m_LocalPosition: {x: 0, y: 0, z: 0}
  m_LocalScale: {x: 1, y: 1, z: 1}
  m_Children: []
  m_Father: {fileID: 442040}
  m_RootOrder: 1
--- !u!4 &442046
Transform:
  m_ObjectHideFlags: 1
  m_PrefabParentObject: {fileID: 0}
  m_PrefabInternal: {fileID: 100100000}
  m_GameObject: {fileID: 142046}
  m_LocalRotation: {x: -.707106829, y: 0, z: -0, w: .707106709}
  m_LocalPosition: {x: 0, y: 0, z: 0}
  m_LocalScale: {x: 1, y: 1, z: 1}
  m_Children: []
  m_Father: {fileID: 442040}
  m_RootOrder: 2
--- !u!4 &442048
Transform:
  m_ObjectHideFlags: 1
  m_PrefabParentObject: {fileID: 0}
  m_PrefabInternal: {fileID: 100100000}
  m_GameObject: {fileID: 142048}
  m_LocalRotation: {x: -.707106829, y: 0, z: -0, w: .707106709}
  m_LocalPosition: {x: 0, y: 0, z: 0}
  m_LocalScale: {x: 1, y: 1, z: 1}
  m_Children: []
  m_Father: {fileID: 442040}
  m_RootOrder: 3
--- !u!4 &442050
Transform:
  m_ObjectHideFlags: 1
  m_PrefabParentObject: {fileID: 0}
  m_PrefabInternal: {fileID: 100100000}
  m_GameObject: {fileID: 142050}
  m_LocalRotation: {x: -.707106829, y: 0, z: -0, w: .707106709}
  m_LocalPosition: {x: 0, y: 0, z: 0}
  m_LocalScale: {x: 1, y: 1, z: 1}
  m_Children: []
  m_Father: {fileID: 442040}
  m_RootOrder: 4
--- !u!4 &442052
Transform:
  m_ObjectHideFlags: 1
  m_PrefabParentObject: {fileID: 0}
  m_PrefabInternal: {fileID: 100100000}
  m_GameObject: {fileID: 142052}
  m_LocalRotation: {x: -.707106829, y: 0, z: -0, w: .707106709}
  m_LocalPosition: {x: 0, y: 0, z: 0}
  m_LocalScale: {x: 1, y: 1, z: 1}
  m_Children: []
  m_Father: {fileID: 442040}
  m_RootOrder: 5
--- !u!4 &442054
Transform:
  m_ObjectHideFlags: 1
  m_PrefabParentObject: {fileID: 0}
  m_PrefabInternal: {fileID: 100100000}
  m_GameObject: {fileID: 142054}
  m_LocalRotation: {x: -.707106829, y: 0, z: -0, w: .707106709}
  m_LocalPosition: {x: 0, y: 0, z: 0}
  m_LocalScale: {x: 1, y: 1, z: 1}
  m_Children: []
  m_Father: {fileID: 442040}
  m_RootOrder: 6
--- !u!4 &442056
Transform:
  m_ObjectHideFlags: 1
  m_PrefabParentObject: {fileID: 0}
  m_PrefabInternal: {fileID: 100100000}
  m_GameObject: {fileID: 142056}
  m_LocalRotation: {x: .50197947, y: .498012602, z: -.498009056, w: .501983106}
  m_LocalPosition: {x: .136698455, y: 1.86022309e-08, z: 1.23028612}
  m_LocalScale: {x: 1, y: 1, z: 1}
  m_Children:
  - {fileID: 442058}
  - {fileID: 442060}
  - {fileID: 442062}
  m_Father: {fileID: 442042}
  m_RootOrder: 0
--- !u!4 &442058
Transform:
  m_ObjectHideFlags: 1
  m_PrefabParentObject: {fileID: 0}
  m_PrefabInternal: {fileID: 100100000}
  m_GameObject: {fileID: 142058}
  m_LocalRotation: {x: 7.68967396e-08, y: -6.14071098e-07, z: .998996735, w: .0447831079}
  m_LocalPosition: {x: .0286397543, y: -.0106765702, z: -.350668252}
  m_LocalScale: {x: 1, y: 1.00000632, z: 1}
  m_Children:
  - {fileID: 442064}
  m_Father: {fileID: 442056}
  m_RootOrder: 0
--- !u!4 &442060
Transform:
  m_ObjectHideFlags: 1
  m_PrefabParentObject: {fileID: 0}
  m_PrefabInternal: {fileID: 100100000}
  m_GameObject: {fileID: 142064}
  m_LocalRotation: {x: .0438474417, y: .999001503, z: .00030443212, w: .00856171083}
  m_LocalPosition: {x: .0119911265, y: -.00782461092, z: .339492261}
  m_LocalScale: {x: .999999642, y: .999969244, z: .999998868}
  m_Children:
  - {fileID: 442068}
  m_Father: {fileID: 442056}
  m_RootOrder: 1
--- !u!4 &442062
Transform:
  m_ObjectHideFlags: 1
  m_PrefabParentObject: {fileID: 0}
  m_PrefabInternal: {fileID: 100100000}
  m_GameObject: {fileID: 142070}
  m_LocalRotation: {x: -2.23686115e-07, y: 5.8014308e-08, z: .0344087929, w: .999407828}
  m_LocalPosition: {x: -.419878542, y: 3.53902543e-08, z: -9.00000035e-15}
  m_LocalScale: {x: 1, y: 1, z: 1}
  m_Children:
  - {fileID: 442072}
  - {fileID: 442074}
  - {fileID: 442076}
  m_Father: {fileID: 442056}
  m_RootOrder: 2
--- !u!4 &442064
Transform:
  m_ObjectHideFlags: 1
  m_PrefabParentObject: {fileID: 0}
  m_PrefabInternal: {fileID: 100100000}
  m_GameObject: {fileID: 142060}
  m_LocalRotation: {x: -.000247633317, y: .00605528802, z: .0408159345, w: .999148309}
  m_LocalPosition: {x: -.572271645, y: 4.33257128e-08, z: -1.44573349e-08}
  m_LocalScale: {x: .999999881, y: .999999762, z: .99999994}
  m_Children:
  - {fileID: 442066}
  m_Father: {fileID: 442058}
  m_RootOrder: 0
--- !u!4 &442066
Transform:
  m_ObjectHideFlags: 1
  m_PrefabParentObject: {fileID: 0}
  m_PrefabInternal: {fileID: 100100000}
  m_GameObject: {fileID: 142062}
  m_LocalRotation: {x: -.524937749, y: .467354089, z: -.473750114, w: .53064239}
  m_LocalPosition: {x: -.550168395, y: 4.07302068e-08, z: -2.33791013e-08}
  m_LocalScale: {x: .999999881, y: .99999994, z: .999999881}
  m_Children: []
  m_Father: {fileID: 442064}
  m_RootOrder: 0
--- !u!4 &442068
Transform:
  m_ObjectHideFlags: 1
  m_PrefabParentObject: {fileID: 0}
  m_PrefabInternal: {fileID: 100100000}
  m_GameObject: {fileID: 142066}
  m_LocalRotation: {x: .000341699662, y: .00856024213, z: -.0398812704, w: .999167681}
  m_LocalPosition: {x: -.585650444, y: 4.19677235e-08, z: -2.26339103e-09}
  m_LocalScale: {x: 1, y: .999999881, z: .999999881}
  m_Children:
  - {fileID: 442070}
  m_Father: {fileID: 442060}
  m_RootOrder: 0
--- !u!4 &442070
Transform:
  m_ObjectHideFlags: 1
  m_PrefabParentObject: {fileID: 0}
  m_PrefabInternal: {fileID: 100100000}
  m_GameObject: {fileID: 142068}
  m_LocalRotation: {x: .52157259, y: .477454126, z: .477453709, w: .521572232}
  m_LocalPosition: {x: -.560130179, y: 5.10902325e-08, z: 1.41681999e-10}
  m_LocalScale: {x: .999999821, y: .99999994, z: .999999821}
  m_Children: []
  m_Father: {fileID: 442068}
  m_RootOrder: 0
--- !u!4 &442072
Transform:
  m_ObjectHideFlags: 1
  m_PrefabParentObject: {fileID: 0}
  m_PrefabInternal: {fileID: 100100000}
  m_GameObject: {fileID: 142072}
  m_LocalRotation: {x: .216850683, y: .904453874, z: -.0604697838, w: -.362329245}
  m_LocalPosition: {x: -.674330652, y: .0347041897, z: -.530710161}
  m_LocalScale: {x: .999999881, y: .99999994, z: 1}
  m_Children:
  - {fileID: 442078}
  m_Father: {fileID: 442062}
  m_RootOrder: 0
--- !u!4 &442074
Transform:
  m_ObjectHideFlags: 1
  m_PrefabParentObject: {fileID: 0}
  m_PrefabInternal: {fileID: 100100000}
  m_GameObject: {fileID: 142076}
  m_LocalRotation: {x: .22822845, y: .899591327, z: .068086572, w: .366075963}
  m_LocalPosition: {x: -.687163293, y: .0417626947, z: .489527196}
  m_LocalScale: {x: 1, y: .99999994, z: 1}
  m_Children:
  - {fileID: 442080}
  m_Father: {fileID: 442062}
  m_RootOrder: 1
--- !u!4 &442076
Transform:
  m_ObjectHideFlags: 1
  m_PrefabParentObject: {fileID: 0}
  m_PrefabInternal: {fileID: 100100000}
  m_GameObject: {fileID: 142080}
  m_LocalRotation: {x: -.691328466, y: -.148543134, z: .148543179, w: .691328287}
  m_LocalPosition: {x: -.792458951, y: -.12964718, z: 8.34570635e-09}
  m_LocalScale: {x: .999999642, y: 1, z: .999999881}
  m_Children: []
  m_Father: {fileID: 442062}
  m_RootOrder: 2
--- !u!4 &442078
Transform:
  m_ObjectHideFlags: 1
  m_PrefabParentObject: {fileID: 0}
  m_PrefabInternal: {fileID: 100100000}
  m_GameObject: {fileID: 142074}
  m_LocalRotation: {x: .477415472, y: .0738660991, z: .146469355, w: .863229394}
  m_LocalPosition: {x: -.58818996, y: 1.49011612e-08, z: -7.92206265e-08}
  m_LocalScale: {x: .999999881, y: .99999994, z: .999999881}
  m_Children: []
  m_Father: {fileID: 442072}
  m_RootOrder: 0
--- !u!4 &442080
Transform:
  m_ObjectHideFlags: 1
  m_PrefabParentObject: {fileID: 0}
  m_PrefabInternal: {fileID: 100100000}
  m_GameObject: {fileID: 142078}
  m_LocalRotation: {x: .990224123, y: .138409421, z: -.0119426763, w: -.0125067933}
  m_LocalPosition: {x: -.60034883, y: 2.23517418e-08, z: -8.88248906e-08}
  m_LocalScale: {x: 1.00000012, y: 1, z: .999999881}
  m_Children: []
  m_Father: {fileID: 442074}
  m_RootOrder: 0
--- !u!4 &442082
Transform:
  m_ObjectHideFlags: 1
  m_PrefabParentObject: {fileID: 0}
  m_PrefabInternal: {fileID: 100100000}
  m_GameObject: {fileID: 142082}
  m_LocalRotation: {x: 0, y: 0, z: 0, w: 1}
  m_LocalPosition: {x: 0, y: 0, z: 0}
  m_LocalScale: {x: 1, y: 1, z: 1}
  m_Children:
  - {fileID: 442040}
  m_Father: {fileID: 0}
  m_RootOrder: 0
--- !u!95 &9542082
Animator:
  serializedVersion: 3
  m_ObjectHideFlags: 1
  m_PrefabParentObject: {fileID: 0}
  m_PrefabInternal: {fileID: 100100000}
  m_GameObject: {fileID: 142040}
  m_Enabled: 1
  m_Avatar: {fileID: 9000000, guid: 055b597a901c245c491d8514e1f90889, type: 3}
  m_Controller: {fileID: 9100000, guid: 4a8e983ff98704881922672a45997feb, type: 2}
  m_CullingMode: 1
  m_UpdateMode: 0
  m_ApplyRootMotion: 1
  m_HasTransformHierarchy: 1
  m_AllowConstantClipSamplingOptimization: 1
--- !u!114 &11442082
MonoBehaviour:
  m_ObjectHideFlags: 1
  m_PrefabParentObject: {fileID: 0}
  m_PrefabInternal: {fileID: 100100000}
  m_GameObject: {fileID: 142082}
  m_Enabled: 1
  m_EditorHideFlags: 0
  m_Script: {fileID: 11500000, guid: f2c7e63543fd94454a84f5d3df101a03, type: 3}
  m_Name: 
  m_EditorClassIdentifier: 
  hasTurnAnimation: 0
  hasMoveAnimation: 1
  hasAttackAnimation: 0
  animator: {fileID: 9542082}
  targetRotation: {x: 0, y: 0, z: 0}
  currentRotation: {x: 0, y: 0, z: 0}
  targetPosition: {x: 0, y: 0, z: 0}
  currentPosition: {x: 0, y: 0, z: 0}
--- !u!137 &13742072
SkinnedMeshRenderer:
  m_ObjectHideFlags: 1
  m_PrefabParentObject: {fileID: 0}
  m_PrefabInternal: {fileID: 100100000}
  m_GameObject: {fileID: 142044}
  m_Enabled: 1
  m_CastShadows: 1
  m_ReceiveShadows: 1
  m_LightmapIndex: 255
  m_LightmapTilingOffset: {x: 1, y: 1, z: 0, w: 0}
  m_Materials:
  - {fileID: 2100000, guid: af496dff4723648b5bcd7a2c0f075c71, type: 2}
  m_SubsetIndices: 
  m_StaticBatchRoot: {fileID: 0}
  m_UseLightProbes: 0
  m_LightProbeAnchor: {fileID: 0}
  m_ScaleInLightmap: 1
  m_SortingLayerID: 0
  m_SortingOrder: 0
  serializedVersion: 2
  m_Quality: 0
  m_UpdateWhenOffscreen: 0
  m_Mesh: {fileID: 4300008, guid: 055b597a901c245c491d8514e1f90889, type: 3}
  m_Bones:
  - {fileID: 442056}
  - {fileID: 442062}
  - {fileID: 442076}
  - {fileID: 442072}
  - {fileID: 442078}
  - {fileID: 442074}
  - {fileID: 442080}
  - {fileID: 442058}
  - {fileID: 442064}
  - {fileID: 442066}
  - {fileID: 442060}
  - {fileID: 442068}
  - {fileID: 442070}
  m_BlendShapeWeights: []
  m_RootBone: {fileID: 442056}
  m_AABB:
    m_Center: {x: -.650182486, y: -.463250577, z: -.905896902}
    m_Extent: {x: .799459934, y: .770350635, z: .766866207}
  m_DirtyAABB: 0
--- !u!137 &13742074
SkinnedMeshRenderer:
  m_ObjectHideFlags: 1
  m_PrefabParentObject: {fileID: 0}
  m_PrefabInternal: {fileID: 100100000}
  m_GameObject: {fileID: 142046}
  m_Enabled: 1
  m_CastShadows: 1
  m_ReceiveShadows: 1
  m_LightmapIndex: 255
  m_LightmapTilingOffset: {x: 1, y: 1, z: 0, w: 0}
  m_Materials:
  - {fileID: 2100000, guid: af496dff4723648b5bcd7a2c0f075c71, type: 2}
  m_SubsetIndices: 
  m_StaticBatchRoot: {fileID: 0}
  m_UseLightProbes: 0
  m_LightProbeAnchor: {fileID: 0}
  m_ScaleInLightmap: 1
  m_SortingLayerID: 0
  m_SortingOrder: 0
  serializedVersion: 2
  m_Quality: 0
  m_UpdateWhenOffscreen: 0
  m_Mesh: {fileID: 4300006, guid: 055b597a901c245c491d8514e1f90889, type: 3}
  m_Bones:
  - {fileID: 442056}
  - {fileID: 442062}
  - {fileID: 442076}
  - {fileID: 442072}
  - {fileID: 442078}
  - {fileID: 442074}
  - {fileID: 442080}
  - {fileID: 442058}
  - {fileID: 442064}
  - {fileID: 442066}
  - {fileID: 442060}
  - {fileID: 442068}
  - {fileID: 442070}
  m_BlendShapeWeights: []
  m_RootBone: {fileID: 442056}
  m_AABB:
    m_Center: {x: -.644340575, y: -.432878107, z: .93258357}
    m_Extent: {x: .807408035, y: .742522359, z: .798873901}
  m_DirtyAABB: 0
--- !u!137 &13742076
SkinnedMeshRenderer:
  m_ObjectHideFlags: 1
  m_PrefabParentObject: {fileID: 0}
  m_PrefabInternal: {fileID: 100100000}
  m_GameObject: {fileID: 142048}
  m_Enabled: 1
  m_CastShadows: 1
  m_ReceiveShadows: 1
  m_LightmapIndex: 255
  m_LightmapTilingOffset: {x: 1, y: 1, z: 0, w: 0}
  m_Materials:
  - {fileID: 2100000, guid: af496dff4723648b5bcd7a2c0f075c71, type: 2}
  m_SubsetIndices: 
  m_StaticBatchRoot: {fileID: 0}
  m_UseLightProbes: 0
  m_LightProbeAnchor: {fileID: 0}
  m_ScaleInLightmap: 1
  m_SortingLayerID: 0
  m_SortingOrder: 0
  serializedVersion: 2
  m_Quality: 0
  m_UpdateWhenOffscreen: 0
  m_Mesh: {fileID: 4300004, guid: 055b597a901c245c491d8514e1f90889, type: 3}
  m_Bones:
  - {fileID: 442056}
  - {fileID: 442062}
  - {fileID: 442076}
  - {fileID: 442072}
  - {fileID: 442078}
  - {fileID: 442074}
  - {fileID: 442080}
  - {fileID: 442058}
  - {fileID: 442064}
  - {fileID: 442066}
  - {fileID: 442060}
  - {fileID: 442068}
  - {fileID: 442070}
  m_BlendShapeWeights: []
  m_RootBone: {fileID: 442056}
  m_AABB:
    m_Center: {x: -1.39987624, y: -.297920465, z: 1.1920929e-07}
    m_Extent: {x: .456485122, y: .4600541, z: .292073339}
  m_DirtyAABB: 0
--- !u!137 &13742078
SkinnedMeshRenderer:
  m_ObjectHideFlags: 1
  m_PrefabParentObject: {fileID: 0}
  m_PrefabInternal: {fileID: 100100000}
  m_GameObject: {fileID: 142050}
  m_Enabled: 1
  m_CastShadows: 1
  m_ReceiveShadows: 1
  m_LightmapIndex: 255
  m_LightmapTilingOffset: {x: 1, y: 1, z: 0, w: 0}
  m_Materials:
  - {fileID: 2100000, guid: af496dff4723648b5bcd7a2c0f075c71, type: 2}
  m_SubsetIndices: 
  m_StaticBatchRoot: {fileID: 0}
  m_UseLightProbes: 0
  m_LightProbeAnchor: {fileID: 0}
  m_ScaleInLightmap: 1
  m_SortingLayerID: 0
  m_SortingOrder: 0
  serializedVersion: 2
  m_Quality: 0
  m_UpdateWhenOffscreen: 0
  m_Mesh: {fileID: 4300002, guid: 055b597a901c245c491d8514e1f90889, type: 3}
  m_Bones:
  - {fileID: 442056}
  - {fileID: 442062}
  - {fileID: 442076}
  - {fileID: 442072}
  - {fileID: 442078}
  - {fileID: 442074}
  - {fileID: 442080}
  - {fileID: 442058}
  - {fileID: 442064}
  - {fileID: 442066}
  - {fileID: 442060}
  - {fileID: 442068}
  - {fileID: 442070}
  m_BlendShapeWeights: []
  m_RootBone: {fileID: 442056}
  m_AABB:
    m_Center: {x: .516687214, y: -.101390421, z: -.343050897}
    m_Extent: {x: .796481311, y: .513726234, z: .267335176}
  m_DirtyAABB: 0
--- !u!137 &13742080
SkinnedMeshRenderer:
  m_ObjectHideFlags: 1
  m_PrefabParentObject: {fileID: 0}
  m_PrefabInternal: {fileID: 100100000}
  m_GameObject: {fileID: 142052}
  m_Enabled: 1
  m_CastShadows: 1
  m_ReceiveShadows: 1
  m_LightmapIndex: 255
  m_LightmapTilingOffset: {x: 1, y: 1, z: 0, w: 0}
  m_Materials:
  - {fileID: 2100000, guid: af496dff4723648b5bcd7a2c0f075c71, type: 2}
  m_SubsetIndices: 
  m_StaticBatchRoot: {fileID: 0}
  m_UseLightProbes: 0
  m_LightProbeAnchor: {fileID: 0}
  m_ScaleInLightmap: 1
  m_SortingLayerID: 0
  m_SortingOrder: 0
  serializedVersion: 2
  m_Quality: 0
  m_UpdateWhenOffscreen: 0
  m_Mesh: {fileID: 4300000, guid: 055b597a901c245c491d8514e1f90889, type: 3}
  m_Bones:
  - {fileID: 442056}
  - {fileID: 442062}
  - {fileID: 442076}
  - {fileID: 442072}
  - {fileID: 442078}
  - {fileID: 442074}
  - {fileID: 442080}
  - {fileID: 442058}
  - {fileID: 442064}
  - {fileID: 442066}
  - {fileID: 442060}
  - {fileID: 442068}
  - {fileID: 442070}
  m_BlendShapeWeights: []
  m_RootBone: {fileID: 442056}
  m_AABB:
    m_Center: {x: .504959464, y: -.100177377, z: .34025532}
    m_Extent: {x: .788826108, y: .512034297, z: .270130217}
  m_DirtyAABB: 0
--- !u!137 &13742082
SkinnedMeshRenderer:
  m_ObjectHideFlags: 1
  m_PrefabParentObject: {fileID: 0}
  m_PrefabInternal: {fileID: 100100000}
  m_GameObject: {fileID: 142054}
  m_Enabled: 1
  m_CastShadows: 1
  m_ReceiveShadows: 1
  m_LightmapIndex: 255
  m_LightmapTilingOffset: {x: 1, y: 1, z: 0, w: 0}
  m_Materials:
  - {fileID: 2100000, guid: af496dff4723648b5bcd7a2c0f075c71, type: 2}
  m_SubsetIndices: 
  m_StaticBatchRoot: {fileID: 0}
  m_UseLightProbes: 0
  m_LightProbeAnchor: {fileID: 0}
  m_ScaleInLightmap: 1
  m_SortingLayerID: 0
  m_SortingOrder: 0
  serializedVersion: 2
  m_Quality: 0
  m_UpdateWhenOffscreen: 0
  m_Mesh: {fileID: 4300010, guid: 055b597a901c245c491d8514e1f90889, type: 3}
  m_Bones:
  - {fileID: 442056}
  - {fileID: 442062}
  - {fileID: 442076}
  - {fileID: 442072}
  - {fileID: 442078}
  - {fileID: 442074}
  - {fileID: 442080}
  - {fileID: 442058}
  - {fileID: 442064}
  - {fileID: 442066}
  - {fileID: 442060}
  - {fileID: 442068}
  - {fileID: 442070}
  m_BlendShapeWeights: []
  m_RootBone: {fileID: 442056}
  m_AABB:
    m_Center: {x: -.464031428, y: -.000332534313, z: 1.1920929e-07}
    m_Extent: {x: 1.0132277, y: .767127454, z: .693420351}
  m_DirtyAABB: 0
--- !u!1001 &100100000
Prefab:
  m_ObjectHideFlags: 1
  serializedVersion: 2
  m_Modification:
    m_TransformParent: {fileID: 0}
    m_Modifications: []
    m_RemovedComponents: []
  m_ParentPrefab: {fileID: 0}
  m_RootGameObject: {fileID: 142082}
  m_IsPrefabParent: 1
  m_IsExploded: 1
